% This file was created with JabRef 2.6.
% Encoding: Cp1252

@ARTICLE{AD13,
  author = {Jose Divasón and Jesús Aransay},
  title = {Rank-Nullity Theorem in Linear Algebra},
  journal = {Archive of Formal Proofs},
  year = {2013},
  month = jan,
  note = {\url{http://afp.sf.net/entries/Rank_Nullity_Theorem.shtml}, Formal
	proof development},
  issn = {2150-914x}
}

@BOOK{FIS03,
  title = {Linear Algebra},
  publisher = {Prentice Hall},
  year = {2003},
  author = {Friedberg, S.H. and Insel, A.J. and Spence, L.E.},
  isbn = {9780131202665},
  lccn = {2002032677},
  url = {http://books.google.co.uk/books?id=x7CLMQAACAAJ}
}

@comment{jabref-meta: selector_publisher:}

@comment{jabref-meta: selector_author:}

@comment{jabref-meta: selector_journal:}

@comment{jabref-meta: selector_keywords:}

